<record><leader>00000cas a22000007a 4500</leader><controlfield tag="001">9373710</controlfield><controlfield tag="008">830404d19101929mtuwr ne      0    0eng d</controlfield><datafield ind1=" " ind2=" " tag="010"><subfield code="a">sn 83025300 </subfield></datafield><datafield ind1=" " ind2=" " tag="040"><subfield code="a">NPV</subfield><subfield code="b">eng</subfield><subfield code="c">NPV</subfield><subfield code="d">MTL</subfield><subfield code="d">OCLCQ</subfield></datafield><datafield ind1=" " ind2=" " tag="042"><subfield code="a">msc</subfield></datafield><datafield ind1=" " ind2=" " tag="043"><subfield code="a">n-us-mt</subfield></datafield><datafield ind1=" " ind2=" " tag="045"><subfield code="a">x1x-</subfield></datafield><datafield ind1=" " ind2=" " tag="052"><subfield code="a">4253</subfield><subfield code="b">L6</subfield></datafield><datafield ind1="0" ind2=" " tag="130"><subfield code="a">Eureka journal (Eureka, Mont.)</subfield></datafield><datafield ind1="1" ind2="4" tag="245"><subfield code="a">The Eureka journal.</subfield></datafield><datafield ind1=" " ind2=" " tag="260"><subfield code="a">Eureka, Mont. :</subfield><subfield code="b">P.N. Bernard,</subfield><subfield code="c">-1929.</subfield></datafield><datafield ind1=" " ind2=" " tag="300"><subfield code="a">19 v. :</subfield><subfield code="b">ill. ;</subfield><subfield code="c">52 cm.</subfield></datafield><datafield ind1=" " ind2=" " tag="310"><subfield code="a">Weekly</subfield></datafield><datafield ind1="0" ind2=" " tag="362"><subfield code="a">-v. 26, no. 39 (Apr. 25, 1929).</subfield></datafield><datafield ind1="1" ind2=" " tag="362"><subfield code="a">Began in Mar. 1910.</subfield></datafield><datafield ind1=" " ind2=" " tag="588"><subfield code="a">Description based on: Vol. 7, no. 34 (Apr. 1, 1910).</subfield></datafield><datafield ind1=" " ind2=" " tag="752"><subfield code="a">United States</subfield><subfield code="b">Montana</subfield><subfield code="c">Lincoln</subfield><subfield code="d">Eureka.</subfield></datafield><datafield ind1="0" ind2="0" tag="780"><subfield code="t">Tobacco Plains journal</subfield><subfield code="w">(DLC)sn 85053088</subfield></datafield><datafield ind1="0" ind2="4" tag="785"><subfield code="t">Western news (Libby, Mont.)</subfield><subfield code="g">May 2, 1929</subfield><subfield code="w">(DLC)sn 82006551</subfield></datafield></record>